@article{wang2017climatic,
  title={Climatic response of tracheid features of Picea meyeri along altitude gradient of Luyashan Mountains of north China},
  author={Wang, Mingchang and Jiang, Yuan and Zhang, Wentao and Dong, Manyu and Kang, Muyi and Xu, Hui},
  journal={Polish Journal of Ecology},
  volume={65},
  number={4},
  pages={345--358},
  year={2017},
  publisher={BioOne}
}

@article{oleksyn1998growth,
  title={Growth and physiology of Picea abies populations from elevational transects: common garden evidence for altitudinal ecotypes and cold adaptation},
  author={Oleksyn, Jacek and Modrz{\`y}nski, J and Tjoelker, MG and Z{\textperiodcentered} ytkowiak, R and Reich, Peter B and Karolewski, P},
  journal={Functional Ecology},
  volume={12},
  number={4},
  pages={573--590},
  year={1998},
  publisher={Wiley Online Library}
}

@article{cook1991predicting,
  title={On predicting the response of forests in eastern North America to future climatic change},
  author={Cook, Edward R and Cole, Julie},
  journal={Climatic Change},
  volume={19},
  number={3},
  pages={271--282},
  year={1991},
  publisher={Springer}
}

@article{martin2015convergence,
  title={Convergence in drought stress, but a divergence of climatic drivers across a latitudinal gradient in a temperate broadleaf forest},
  author={Martin-Benito, Dario and Pederson, Neil},
  journal={Journal of Biogeography},
  volume={42},
  number={5},
  pages={925--937},
  year={2015},
  publisher={Wiley Online Library}
}

@article{gantois2022new,
  title={New tree-level temperature response curves document sensitivity of tree growth to high temperatures across a US-wide climatic gradient},
  author={Gantois, Jos{\'e}phine},
  journal={Global Change Biology},
  volume={28},
  number={20},
  pages={6002--6020},
  year={2022},
  publisher={Wiley Online Library}
}

@article{king2013tree,
  title={Tree growth response along an elevational gradient: climate or genetics?},
  author={King, Gregory M and Gugerli, Felix and Fonti, Patrick and Frank, David C},
  journal={Oecologia},
  volume={173},
  pages={1587--1600},
  year={2013},
  publisher={Springer}
}

@article{klesse2020continental,
  title={Continental-scale tree-ring-based projection of Douglas-fir growth: Testing the limits of space-for-time substitution},
  author={Klesse, Stefan and DeRose, Robert Justin and Babst, Flurin and Black, Bryan A and Anderegg, Leander DL and Axelson, Jodi and Ettinger, Ailene and Griesbauer, Hardy and Guiterman, Christopher H and Harley, Grant and others},
  journal={Global Change Biology},
  volume={26},
  number={9},
  pages={5146--5163},
  year={2020},
  publisher={Wiley Online Library}
}

@article{rapp2012intra,
  title={Intra-and interspecific tree growth across a long altitudinal gradient in the Peruvian Andes},
  author={Rapp, Joshua M and Silman, Miles R and Clark, James S and Girardin, Cecile AJ and Galiano, Darcy and Tito, Richard},
  journal={Ecology},
  volume={93},
  number={9},
  pages={2061--2072},
  year={2012},
  publisher={Wiley Online Library}
}

@article{coomes2007effects,
  title={Effects of size, competition and altitude on tree growth},
  author={Coomes, David A and Allen, Robert B},
  journal={Journal of Ecology},
  volume={95},
  number={5},
  pages={1084--1097},
  year={2007},
  publisher={Wiley Online Library}
}

@article{hikosaka2021intraspecific,
  title={Intraspecific variations in leaf traits, productivity and resource use efficiencies in the dominant species of subalpine evergreen coniferous and deciduous broad-leaved forests along the altitudinal gradient},
  author={Hikosaka, Kouki and Kurokawa, Hiroko and Arai, Takahisa and Takayanagi, Sakino and Tanaka, Hiroshi O and Nagano, Soichiro and Nakashizuka, Tohru},
  journal={Journal of Ecology},
  volume={109},
  number={4},
  pages={1804--1818},
  year={2021},
  publisher={Wiley Online Library}
}

@article{gillman2015latitude,
  title={Latitude, productivity and species richness},
  author={Gillman, Len N and Wright, Shane D and Cusens, Jarrod and McBride, Paul D and Malhi, Yadvinder and Whittaker, Robert J},
  journal={Global Ecology and Biogeography},
  volume={24},
  number={1},
  pages={107--117},
  year={2015},
  publisher={Wiley Online Library}
}

@article{babst2013site,
  title={Site-and species-specific responses of forest growth to climate across the E uropean continent},
  author={Babst, Flurin and Poulter, Benjamin and Trouet, Valerie and Tan, Kun and Neuwirth, Burkhard and Wilson, Robert and Carrer, Marco and Grabner, Michael and Tegel, Willy and Levanic, Tom and others},
  journal={Global Ecology and Biogeography},
  volume={22},
  number={6},
  pages={706--717},
  year={2013},
  publisher={Wiley Online Library}
}

@article{liang2019forest,
  title={Forest type and height are important in shaping the altitudinal change of radial growth response to climate change},
  author={Liang, Penghong and Wang, Xiangping and Sun, Han and Fan, Yanwen and Wu, Yulian and Lin, Xin and Chang, Jinfeng},
  journal={Scientific reports},
  volume={9},
  number={1},
  pages={1336},
  year={2019},
  publisher={Nature Publishing Group UK London}
}

@incollection{cook1998modeling,
  title={Modeling the differential sensitivity of loblolly pine to climatic change using tree rings},
  author={Cook, Edward R and Nance, Warren L and Krusic, Paul J and Grissom, James},
  booktitle={The productivity and sustainability of southern forest ecosystems in a changing environment},
  pages={717--739},
  year={1998},
  publisher={Springer}
}

@article{bhuta2009climate,
  title={Climate-radial growth relationships of northern latitudinal range margin longleaf pine (Pinus palustris P. Mill.) in the Atlantic coastal plain of southeastern Virginia},
  author={Bhuta, Arvind AR and Kennedy, Lisa M and Pederson, Neil},
  journal={Tree-Ring Research},
  volume={65},
  number={2},
  pages={105--115},
  year={2009},
  publisher={BioOne}
}

@article{cavin2017highest,
  title={Highest drought sensitivity and lowest resistance to growth suppression are found in the range core of the tree Fagus sylvatica L. not the equatorial range edge},
  author={Cavin, Liam and Jump, Alistair S},
  journal={Global change biology},
  volume={23},
  number={1},
  pages={362--379},
  year={2017},
  publisher={Wiley Online Library}
}

@article{zhu2018spatial,
  title={Spatial variability in growth-climate relationships of Amur cork tree (Phellodendron amurense) and their connections with PDO in Northeast China},
  author={Zhu, Liangjun and Wang, Xiaochun and Pederson, Neil and Chen, Zhenju and Cooper, David J and Zhang, Yuandong and Li, Zongshan},
  journal={Journal of Geophysical Research: Biogeosciences},
  volume={123},
  number={5},
  pages={1625--1636},
  year={2018},
  publisher={Wiley Online Library}
}

@article{de2022temperature,
  title={Temperature rather than individual growing period length determines radial growth of sessile oak in the Pyrenees},
  author={de Sauvage, Justine Charlet and Vitasse, Yann and Meier, Michael and Delzon, Sylvain and Bigler, Christof},
  journal={Agricultural and Forest Meteorology},
  volume={317},
  pages={108885},
  year={2022},
  publisher={Elsevier}
}

@article{huang2010radial,
  title={Radial growth response of four dominant boreal tree species to climate along a latitudinal gradient in the eastern Canadian boreal forest},
  author={Huang, Jianguo and Tardif, Jacques C and Bergeron, Yves and Denneler, Bernhard and Berninger, Frank and Girardin, Martin P},
  journal={Global Change Biology},
  volume={16},
  number={2},
  pages={711--731},
  year={2010},
  publisher={Wiley Online Library}
}

@article{zhou2022altitudinal,
  title={Altitudinal trends in climate change result in radial growth variation of Pinus yunnanensis at an arid-hot valley of southwest China},
  author={Zhou, Yang and Yi, Yujun and Liu, Hongxi and Song, Jie and Jia, Wenfei and Zhang, Shanghong},
  journal={Dendrochronologia},
  volume={71},
  pages={125914},
  year={2022},
  publisher={Elsevier}
}
