@article{wang2017climatic,
  title={Climatic response of tracheid features of Picea meyeri along altitude gradient of Luyashan Mountains of north China},
  author={Wang, Mingchang and Jiang, Yuan and Zhang, Wentao and Dong, Manyu and Kang, Muyi and Xu, Hui},
  journal={Polish Journal of Ecology},
  volume={65},
  number={4},
  pages={345--358},
  year={2017},
  publisher={BioOne}
}

@article{oleksyn1998growth,
  title={Growth and physiology of Picea abies populations from elevational transects: common garden evidence for altitudinal ecotypes and cold adaptation},
  author={Oleksyn, Jacek and Modrz{\`y}nski, J and Tjoelker, MG and Z{\textperiodcentered} ytkowiak, R and Reich, Peter B and Karolewski, P},
  journal={Functional Ecology},
  volume={12},
  number={4},
  pages={573--590},
  year={1998},
  publisher={Wiley Online Library}
}

@article{zhou2022altitudinal,
  title={Altitudinal trends in climate change result in radial growth variation of Pinus yunnanensis at an arid-hot valley of southwest China},
  author={Zhou, Yang and Yi, Yujun and Liu, Hongxi and Song, Jie and Jia, Wenfei and Zhang, Shanghong},
  journal={Dendrochronologia},
  volume={71},
  pages={125914},
  year={2022},
  publisher={Elsevier}
}
